<?xml version="1.0" encoding="UTF-8"?><collection xmlns="http://www.loc.gov/MARC21/slim"><record><leader>00488nam--2200145-i-4500</leader><controlfield tag="001">000017260</controlfield><controlfield tag="002">20161230</controlfield><controlfield tag="005">20161230201032</controlfield><controlfield tag="008">060222s1000------------r-----000-0-eng-d</controlfield><datafield ind1=" " ind2=" " tag="080"><subfield code="a">621.039.58</subfield></datafield><datafield ind1=" " ind2=" " tag="100"><subfield code="a">Antoine, P., Costes, J.R. And Gauchon, J.P</subfield></datafield><datafield ind1=" " ind2=" " tag="245"><subfield code="a">Decontamination avant demantelement du circuit primaire de refroidissement du reacteur a neu trons rapides rapsodie</subfield></datafield><datafield ind1=" " ind2=" " tag="260"><subfield code="a">Brussels, Commission Des Communuates Europeese S, 1991. 78 P</subfield></datafield><datafield ind1=" " ind2=" " tag="490"><subfield code="a">13489</subfield></datafield><datafield ind1=" " ind2=" " tag="852"><subfield code="a">80160</subfield></datafield></record></collection>